@article{its,
    author    = "Wei, L. and Han, J. and Zhou, K. and Bao, H. and Guo, B. and Shum, H.",
    title     = "Inverse texture synthesis",
    journal   = "In Proc. SIGGRAPH, 2008",
    volume   = "",
    number   = "",
    pages    = "",
    year      = "2008",
    month    = "",
    note     = "",
}

@article{bisi,
    author    = "Simakov, D. and Caspi, Y. and Shechtman, E. and Irani, M.",
    title     = "Summarizing Visual Data Using Bidirectional Similarity",
    journal   = "In Proc. CVPR, 2008",
    volume   = "",
    number   = "",
    pages    = "",
    year      = "2008",
    month    = "",
    note     = "",
}

@article{seamcarv,
    author    = "Avidan, S. and Shamir, A.",
    title     = "Seam carving for content-aware image resizing",
    journal   = "In SIGGRAPH, 2007",
    volume   = "",
    number   = "",
    pages    = "",
    year      = "2007",
    month    = "",
    note     = "",
}

@article{wolf,
    author    = "Wolf, L. and Guttmann, M and Cohen-Or, D.",
    title     = "Non-homogeneous content-driven video-retargeting",
    journal   = "In ICCV, 2007",
    volume   = "",
    number   = "",
    pages    = "",
    year      = "2007",
    month    = "",
    note     = "",
}

@article{paris,
    author    = "Paris, S. and Bricenco, H. M. and Sillion, F. X.",
    title     = "Capture of hair geometry from multiple images.",
    journal   = "In SIGGRAPH, 2004",
    volume   = "",
    number   = "",
    pages    = "",
    year      = "2004",
    month    = "",
    note     = "",
}